@inproceedings{smith1981study,
  title={A study of branch prediction strategies},
  author={Smith, James E},
  booktitle={Proceedings of the 8th annual symposium on Computer Architecture},
  pages={135--148},
  year={1981},
  organization={IEEE Computer Society Press}
}

@ARTICLE{mcfarling1986reducing,
  title={Reducing the cost of branches},
  author={McFarling, Scott and Hennesey, J},
  booktitle={ACM SIGARCH Computer Architecture News},
  volume={14},
  number={2},
  pages={396--403},
  year={1986},
  organization={IEEE Computer Society Press}
}

@inproceedings{ditzel1987branch,
  title={Branch folding in the CRISP microprocessor: reducing branch delay to zero},
  author={Ditzel, David R and McLellan, Hubert R},
  booktitle={Proceedings of the 14th annual international symposium on Computer architecture},
  pages={2--8},
  year={1987},
  organization={ACM}
}

@misc{stallings2010arquitetura,
  title={Arquitetura e Organiza{\c{c}}{\~a}o de Computadores 8a Edi{\c{c}}{\~a}o},
  author={Stallings, William},
  year={2010},
  publisher={Prentice-Hall, Pearson}
}

@book{patterson2014arquitetura,
  title={Arquitetura de Computadores: uma abordagem quantitativa},
  author={Patterson, David and Hennessy, John L},
  volume={5},
  year={2014},
  publisher={Elsevier Brasil}
}

@misc{predicaoDaltio,
  title={Técnicas de Predição de Desvios},
  author={Jaudete Daltio}
}


@misc{predicaoTse,
  title={Efeito da Predicão de Desvios e da Interrupção Precisa no Desempenho de Processadores Super Escalares},
  author={Hsing Tse Hao},
  year={1993}
}