@misc{schemes,
  title={The schemes and performances of dynamic branch predictors},
  author={Cheng, Chih-Cheng},
  year={2000},
  publisher={Technical Report, Berkeley Wireless Research Center}
}

@inproceedings{smith,
  title={A study of branch prediction strategies},
  author={Smith, James E},
  booktitle={Proceedings of the 8th annual symposium on Computer Architecture},
  pages={135--148},
  year={1981},
  organization={IEEE Computer Society Press}
}

@misc{benlee,
 author = {Ben Lee}, 
 title = {Dynamic Branch Prediction}, 
 year = {2001},
 howpublished = "\url{http://web.engr.oregonstate.edu/~benl/Projects/branch_pred/#l2}", 
 note = "{Último acesso em 17/06/2017}"
}

@techreport{mcfarling,
  title={Combining branch predictors},
  author={McFarling, Scott},
  year={1993},
  institution={Technical Report TN-36, Digital Western Research Laboratory}
}

@inproceedings{yehpatt,
  title={Alternative implementations of two-level adaptive branch prediction},
  author={Yeh, Tse-Yu and Patt, Yale N},
  booktitle={ACM SIGARCH Computer Architecture News},
  volume={20},
  number={2},
  pages={124--134},
  year={1992},
  organization={ACM}
}

@misc{ultrasparc1,
  title = {Advanced Computer Architecture and Computing},
  howpublished = "\url{https://books.google.com.br/books?id=UmUd3aIuk3IC&pg=SA2-PA97&lpg=SA2-PA97&dq=ultrasparc+dynamic+branch+predict&source=bl&ots=TXd9q-jS1U&sig=PWer9dN4T-EfKsafU4CInCCjASQ&hl=pt-BR&sa=X&ved=0ahUKEwjKuvu7vcnUAhVFiJAKHVzAB-sQ6AEIPjAC#v=onepage&q=ultrasparc%20dynamic%20branch%20predict&f=false}",
  note = "{Último acesso em 19/06/2017}"
}

@misc{loadstore,
  title = {Structure of Computer Systems},
  howpublished = "\url{http://users.utcluj.ro/~baruch/book_ssce/SSCE-SPARC.pdf}",
  note = "{Último acesso em 19/06/2017}"
}