@article{austin2002simplescalar,
  title={SimpleScalar: An infrastructure for computer system modeling},
  author={Austin, Todd and Larson, Eric and Ernst, Dan},
  journal={Computer},
  volume={35},
  number={2},
  pages={59--67},
  year={2002},
  publisher={IEEE}
}

@article{austin1997user,
  title={A User’s and Hacker’s Guide to the SimpleScalar Architectural Research Tool Set},
  author={Austin, Todd M},
  journal={Intel MicroComputer Research Labs},
  year={1997}
}

@article{simple,
  title={The SimpleScalar Tool Set, Version 2.0},
  author={Doug Burger, Todd M. Austin},
}

@article{analise,
  title={Proposta de Conjunto de Simulações para Análise
de Desempenho de Processadores Superescalares
e Ensino de Arquitetura de Computadores},
  author={Geraldo Fulgêncio de Oliveira Neto},
  year={2005}

}

